<record><leader>00000cas a22000007a 4500</leader><controlfield tag="001">17194860</controlfield><controlfield tag="008">871207d18951934maudn ne      0    0eng d</controlfield><datafield ind1=" " ind2=" " tag="010"><subfield code="a">sn 87056752 </subfield></datafield><datafield ind1=" " ind2=" " tag="040"><subfield code="a">NPI</subfield><subfield code="b">eng</subfield><subfield code="c">NPI</subfield><subfield code="d">MGN</subfield><subfield code="d">OCLCQ</subfield></datafield><datafield ind1=" " ind2=" " tag="042"><subfield code="a">msc</subfield></datafield><datafield ind1="0" ind2="4" tag="245"><subfield code="a">The Brockton times.</subfield></datafield><datafield ind1=" " ind2=" " tag="260"><subfield code="a">Brockton, Mass. :</subfield><subfield code="b">W.L. Douglas</subfield></datafield><datafield ind1=" " ind2=" " tag="300"><subfield code="a">v.</subfield></datafield><datafield ind1=" " ind2=" " tag="310"><subfield code="a">Daily (except Sun.)</subfield></datafield><datafield ind1="0" ind2=" " tag="362"><subfield code="a">Vol. 1, no. 1 (Feb. 4, 1895)-v. 79, no. 35 (Mar. 24, 1934).</subfield></datafield><datafield ind1=" " ind2=" " tag="752"><subfield code="a">United States</subfield><subfield code="b">Massachusetts</subfield><subfield code="c">Plymouth</subfield><subfield code="d">Brockton.</subfield></datafield><datafield ind1="0" ind2="7" tag="785"><subfield code="t">Brockton daily evening enterprise</subfield><subfield code="w">(DLC)sn 89062034</subfield></datafield><datafield ind1="0" ind2="7" tag="785"><subfield code="t">Brockton daily evening enterprise and Brockton times</subfield><subfield code="w">(DLC)sn 89062035</subfield></datafield></record>